%YAML 1.1
%TAG !u! tag:unity3d.com,2011:
--- !u!1 &3414408574261656274
GameObject:
  m_ObjectHideFlags: 0
  m_CorrespondingSourceObject: {fileID: 0}
  m_PrefabInstance: {fileID: 0}
  m_PrefabAsset: {fileID: 0}
  serializedVersion: 6
  m_Component:
  - component: {fileID: 3414408574261656268}
  - component: {fileID: 3414408574261656271}
  - component: {fileID: 3414408574261656270}
  - component: {fileID: 3414408574261656273}
  - component: {fileID: 3414408574261656272}
  - component: {fileID: 3414408574261656275}
  m_Layer: 0
  m_Name: Solver
  m_TagString: Untagged
  m_Icon: {fileID: 0}
  m_NavMeshLayer: 0
  m_StaticEditorFlags: 0
  m_IsActive: 1
--- !u!4 &3414408574261656268
Transform:
  m_ObjectHideFlags: 0
  m_CorrespondingSourceObject: {fileID: 0}
  m_PrefabInstance: {fileID: 0}
  m_PrefabAsset: {fileID: 0}
  m_GameObject: {fileID: 3414408574261656274}
  m_LocalRotation: {x: 0, y: 0, z: 0, w: 1}
  m_LocalPosition: {x: -0.8016619, y: 0.41326588, z: -10.139569}
  m_LocalScale: {x: 1, y: 1, z: 1}
  m_Children: []
  m_Father: {fileID: 0}
  m_RootOrder: 0
  m_LocalEulerAnglesHint: {x: 0, y: 0, z: 0}
--- !u!114 &3414408574261656271
MonoBehaviour:
  m_ObjectHideFlags: 0
  m_CorrespondingSourceObject: {fileID: 0}
  m_PrefabInstance: {fileID: 0}
  m_PrefabAsset: {fileID: 0}
  m_GameObject: {fileID: 3414408574261656274}
  m_Enabled: 1
  m_EditorHideFlags: 0
  m_Script: {fileID: 11500000, guid: 967c702df534b774b9994200376e8b8b, type: 3}
  m_Name: 
  m_EditorClassIdentifier: 
--- !u!114 &3414408574261656270
MonoBehaviour:
  m_ObjectHideFlags: 0
  m_CorrespondingSourceObject: {fileID: 0}
  m_PrefabInstance: {fileID: 0}
  m_PrefabAsset: {fileID: 0}
  m_GameObject: {fileID: 3414408574261656274}
  m_Enabled: 1
  m_EditorHideFlags: 0
  m_Script: {fileID: 11500000, guid: 01f6b5ac1082fc64db3235bbfa040185, type: 3}
  m_Name: 
  m_EditorClassIdentifier: 
  priority: 100
--- !u!114 &3414408574261656273
MonoBehaviour:
  m_ObjectHideFlags: 0
  m_CorrespondingSourceObject: {fileID: 0}
  m_PrefabInstance: {fileID: 0}
  m_PrefabAsset: {fileID: 0}
  m_GameObject: {fileID: 3414408574261656274}
  m_Enabled: 1
  m_EditorHideFlags: 0
  m_Script: {fileID: 11500000, guid: a243da11ad6580f488a9c53490e9c31a, type: 3}
  m_Name: 
  m_EditorClassIdentifier: 
  priority: 102
--- !u!114 &3414408574261656272
MonoBehaviour:
  m_ObjectHideFlags: 0
  m_CorrespondingSourceObject: {fileID: 0}
  m_PrefabInstance: {fileID: 0}
  m_PrefabAsset: {fileID: 0}
  m_GameObject: {fileID: 3414408574261656274}
  m_Enabled: 1
  m_EditorHideFlags: 0
  m_Script: {fileID: 11500000, guid: b630c85951cb938469564eaceae7c2af, type: 3}
  m_Name: 
  m_EditorClassIdentifier: 
  priority: 95
--- !u!114 &3414408574261656275
MonoBehaviour:
  m_ObjectHideFlags: 0
  m_CorrespondingSourceObject: {fileID: 0}
  m_PrefabInstance: {fileID: 0}
  m_PrefabAsset: {fileID: 0}
  m_GameObject: {fileID: 3414408574261656274}
  m_Enabled: 1
  m_EditorHideFlags: 0
  m_Script: {fileID: 11500000, guid: 457255d5289ed434ab8a030297c4d2dd, type: 3}
  m_Name: 
  m_EditorClassIdentifier: 
  priority: 90
